@inproceedings{tan2019efficientnet,
  title={EfficientNet: Rethinking Model Scaling for Convolutional Neural Networks},
  author={Tan, Mingxing and Le, Quoc},
  booktitle={International Conference on Machine Learning},
  year={2019}
}

@inproceedings{woo2018cbam,
  title={CBAM: Convolutional Block Attention Module},
  author={Woo, Sanghyun and Park, Jongchan and Lee, Joon-Young and Kweon, In So},
  booktitle={European Conference on Computer Vision},
  year={2018}
}

@misc{odir5k,
  title={ODIR---Ocular Disease Intelligent Recognition},
  howpublished={\url{https://www.kaggle.com/datasets/andrewmvd/ocular-disease-recognition-odir5k}},
  note={Accessed 2025-10-14}
}

@misc{cbamMedium,
  title={Understanding Attention Modules: CBAM and BAM â€” A Quick Read},
  author={Trivedi, Shreejal},
  howpublished={\url{https://medium.com/visionwizard/understanding-attention-modules-cbam-and-bam-a-quick-read-ca8678d1c671}},
  note={Accessed 2025-10-14}
}

@misc{cbamDO,
  title={Attention Mechanisms in Computer Vision: CBAM},
  howpublished={\url{https://www.digitalocean.com/community/tutorials/attention-mechanisms-in-computer-vision-cbam}},
  note={Accessed 2025-10-14}
}

@misc{takrimNotebook,
  title={EfficientNet vs EfficientNet+CBAM: Attention-Enhanced ODIR-5K Classification},
  author={M. T. U. Alam},
  howpublished={\url{https://www.kaggle.com/code/takrimulalam/efficientnet-vs-efficientnet-cbam}},
  note={Accessed 2025-10-14}
}

